@unpublished{Bersani,
author = {Bersani, Marcello M. and Erascu, Madalina and Ghilardi, Silvio and Marconi, Francesco and Rossi, Matteo},
pages = {2017},
title = {{Formal Verification of Data-Intensive Applications through Model Checking Modulo Theories}}
}

@misc{aaa,
title = {{Negotiation Module. Security Reasoner}},
url = {https://bitbucket.org/specs-team/specs-core-negotiation-securityreasoner}
}

@misc{NutriBiochem,
title = {{NutriBiochem Application}},
url = {https://iubmb.onlinelibrary.wiley.com/doi/full/10.1002/bmb.20771}
}

@misc{Slack,
title = {{What is Slack?}},
url = {https://slack.com/help/articles/115004071768-What-is-Slack}
}

@misc{Classroom,
    title = {{What is Google Classroom}},
    url = {https://edu.google.com/workspace-for-education/products/classroom/}
}

@misc{Teams,
    title = {{What is Microsoft Teams}},
    url = {https://support.microsoft.com/en-us/topic/what-is-microsoft-teams-3de4d369-0167-8def-b93b-0eb5286d7a29}
}

@inproceedings{Jac01,
author = {Jackson, D},
booktitle = {{\{}FME{\}} 2001: Formal Methods for Increasing Software Productivity, International Symposium of Formal Methods Europe, Berlin, Germany, March 12-16, 2001, Proceedings},
title = {{Lightweight Formal Methods}},
year = {2001}
}
@techreport{NIST80054r4,
institution = {National Institute of Standards and Technology},
title = {{NIST SP-800-53: Recommended Security Controls for Federal Information Systems}},
year = {2013}
}
@article{TakeshiTakahashi_IEEE_VT_Magazine_2013,
author = {Takahashi, Takeshi and Harju, Jarmo and Kannisto, Joona and Silverajan, Bilhanan and Harju, Jarmo and Matsuo, Shin'ichiro},
journal = {IEEE Vehicular Technology Magazine},
month = {jul},
publisher = {IEEE},
title = {{Tailored security: building nonrepudiable security service level agreements}},
volume = {8},
year = {2013}
}